<record><leader>00000cas a2200000 a 4500</leader><controlfield tag="001">34602148</controlfield><controlfield tag="008">960419d19uu19uumiuwr ne      0    0eng c</controlfield><datafield ind1=" " ind2=" " tag="010"><subfield code="a">sn 96076526 </subfield></datafield><datafield ind1=" " ind2=" " tag="040"><subfield code="a">MHN</subfield><subfield code="b">eng</subfield><subfield code="c">MHN</subfield><subfield code="d">OCL</subfield><subfield code="d">OCLCQ</subfield><subfield code="d">OCLCF</subfield><subfield code="d">OCLCO</subfield></datafield><datafield ind1="1" ind2=" " tag="029"><subfield code="a">AU@</subfield><subfield code="b">000012367061</subfield></datafield><datafield ind1=" " ind2=" " tag="042"><subfield code="a">pcc</subfield></datafield><datafield ind1=" " ind2=" " tag="043"><subfield code="a">n-us-mi</subfield></datafield><datafield ind1="0" ind2="0" tag="245"><subfield code="a">Montrose times New Lothrop news.</subfield></datafield><datafield ind1="1" ind2="3" tag="246"><subfield code="a">Montrose times</subfield></datafield><datafield ind1="1" ind2="7" tag="246"><subfield code="a">Montrose times and New Lothrop news</subfield></datafield><datafield ind1=" " ind2=" " tag="260"><subfield code="a">Swartz Creek, Mich. :</subfield><subfield code="b">Adams Print. Co</subfield></datafield><datafield ind1=" " ind2=" " tag="300"><subfield code="a">v.</subfield></datafield><datafield ind1=" " ind2=" " tag="310"><subfield code="a">Weekly</subfield></datafield><datafield ind1=" " ind2=" " tag="580"><subfield code="a">Formed by the union of: Montrose times, and: New Lothrop news.</subfield></datafield><datafield ind1=" " ind2=" " tag="588"><subfield code="a">Description based on: Vol. 13, no. 1 (June 26, 1958).</subfield></datafield><datafield ind1=" " ind2="0" tag="651"><subfield code="a">Montrose (Mich.)</subfield><subfield code="v">Newspapers.</subfield></datafield><datafield ind1=" " ind2="0" tag="651"><subfield code="a">New Lothrop (Mich.)</subfield><subfield code="v">Newspapers.</subfield></datafield><datafield ind1=" " ind2="0" tag="651"><subfield code="a">Swartz Creek (Mich.)</subfield><subfield code="v">Newspapers.</subfield></datafield><datafield ind1=" " ind2="0" tag="651"><subfield code="a">Genesee County (Mich.)</subfield><subfield code="v">Newspapers.</subfield></datafield><datafield ind1=" " ind2="7" tag="655"><subfield code="a">Newspapers.</subfield><subfield code="2">fast</subfield><subfield code="0">(OCoLC)fst01423814</subfield></datafield><datafield ind1=" " ind2="7" tag="651"><subfield code="a">Michigan</subfield><subfield code="z">Genesee County.</subfield><subfield code="2">fast</subfield><subfield code="0">(OCoLC)fst01214779</subfield></datafield><datafield ind1=" " ind2="7" tag="651"><subfield code="a">Michigan</subfield><subfield code="z">Montrose.</subfield><subfield code="2">fast</subfield><subfield code="0">(OCoLC)fst01292412</subfield></datafield><datafield ind1=" " ind2="7" tag="651"><subfield code="a">Michigan</subfield><subfield code="z">New Lothrop.</subfield><subfield code="2">fast</subfield><subfield code="0">(OCoLC)fst01300606</subfield></datafield><datafield ind1=" " ind2="7" tag="651"><subfield code="a">Michigan</subfield><subfield code="z">Swartz Creek.</subfield><subfield code="2">fast</subfield><subfield code="0">(OCoLC)fst01238931</subfield></datafield><datafield ind1=" " ind2=" " tag="752"><subfield code="a">United States</subfield><subfield code="b">Michigan</subfield><subfield code="c">Genesee</subfield><subfield code="d">Swartz Creek.</subfield></datafield><datafield ind1="1" ind2="4" tag="780"><subfield code="t">Montrose times</subfield></datafield><datafield ind1="1" ind2="4" tag="780"><subfield code="t">New Lothrop news</subfield></datafield></record>